%YAML 1.1
%TAG !u! tag:unity3d.com,2011:
--- !u!1001 &100100000
Prefab:
  m_ObjectHideFlags: 1
  serializedVersion: 2
  m_Modification:
    m_TransformParent: {fileID: 0}
    m_Modifications: []
    m_RemovedComponents: []
  m_ParentPrefab: {fileID: 0}
  m_RootGameObject: {fileID: 1524468902091342}
  m_IsPrefabParent: 1
--- !u!1 &1410919805514084
GameObject:
  m_ObjectHideFlags: 0
  m_PrefabParentObject: {fileID: 0}
  m_PrefabInternal: {fileID: 100100000}
  serializedVersion: 5
  m_Component:
  - component: {fileID: 4295156886374758}
  - component: {fileID: 212100834044934554}
  - component: {fileID: 50994680267285476}
  - component: {fileID: 114457748171392068}
  - component: {fileID: 60681774968217170}
  m_Layer: 9
  m_Name: Mace
  m_TagString: Untagged
  m_Icon: {fileID: 0}
  m_NavMeshLayer: 0
  m_StaticEditorFlags: 0
  m_IsActive: 1
--- !u!1 &1524468902091342
GameObject:
  m_ObjectHideFlags: 0
  m_PrefabParentObject: {fileID: 0}
  m_PrefabInternal: {fileID: 100100000}
  serializedVersion: 5
  m_Component:
  - component: {fileID: 4987119731299140}
  - component: {fileID: 114931186163161834}
  m_Layer: 9
  m_Name: Mace
  m_TagString: Untagged
  m_Icon: {fileID: 0}
  m_NavMeshLayer: 0
  m_StaticEditorFlags: 0
  m_IsActive: 1
--- !u!1 &1556721152879144
GameObject:
  m_ObjectHideFlags: 0
  m_PrefabParentObject: {fileID: 0}
  m_PrefabInternal: {fileID: 100100000}
  serializedVersion: 5
  m_Component:
  - component: {fileID: 4788016431953504}
  m_Layer: 9
  m_Name: Waypoint 1
  m_TagString: Untagged
  m_Icon: {fileID: -1577725955494882426, guid: 0000000000000000d000000000000000, type: 0}
  m_NavMeshLayer: 0
  m_StaticEditorFlags: 0
  m_IsActive: 1
--- !u!1 &1827938738211148
GameObject:
  m_ObjectHideFlags: 0
  m_PrefabParentObject: {fileID: 0}
  m_PrefabInternal: {fileID: 100100000}
  serializedVersion: 5
  m_Component:
  - component: {fileID: 4874085046017922}
  m_Layer: 9
  m_Name: Waypoint 2
  m_TagString: Untagged
  m_Icon: {fileID: -2349822300998112484, guid: 0000000000000000d000000000000000, type: 0}
  m_NavMeshLayer: 0
  m_StaticEditorFlags: 0
  m_IsActive: 1
--- !u!4 &4295156886374758
Transform:
  m_ObjectHideFlags: 1
  m_PrefabParentObject: {fileID: 0}
  m_PrefabInternal: {fileID: 100100000}
  m_GameObject: {fileID: 1410919805514084}
  m_LocalRotation: {x: 0, y: 0, z: 0, w: 1}
  m_LocalPosition: {x: 0, y: 0, z: 0}
  m_LocalScale: {x: 1, y: 1, z: 1}
  m_Children: []
  m_Father: {fileID: 4987119731299140}
  m_RootOrder: 0
  m_LocalEulerAnglesHint: {x: 0, y: 0, z: 0}
--- !u!4 &4788016431953504
Transform:
  m_ObjectHideFlags: 1
  m_PrefabParentObject: {fileID: 0}
  m_PrefabInternal: {fileID: 100100000}
  m_GameObject: {fileID: 1556721152879144}
  m_LocalRotation: {x: 0, y: 0, z: 0, w: 1}
  m_LocalPosition: {x: 0, y: 1.27, z: 0}
  m_LocalScale: {x: 1, y: 1, z: 1}
  m_Children: []
  m_Father: {fileID: 4987119731299140}
  m_RootOrder: 1
  m_LocalEulerAnglesHint: {x: 0, y: 0, z: 0}
--- !u!4 &4874085046017922
Transform:
  m_ObjectHideFlags: 1
  m_PrefabParentObject: {fileID: 0}
  m_PrefabInternal: {fileID: 100100000}
  m_GameObject: {fileID: 1827938738211148}
  m_LocalRotation: {x: -0, y: -0, z: -0, w: 1}
  m_LocalPosition: {x: 0, y: -1.16, z: 0}
  m_LocalScale: {x: 1, y: 1, z: 1}
  m_Children: []
  m_Father: {fileID: 4987119731299140}
  m_RootOrder: 2
  m_LocalEulerAnglesHint: {x: 0, y: 0, z: 0}
--- !u!4 &4987119731299140
Transform:
  m_ObjectHideFlags: 1
  m_PrefabParentObject: {fileID: 0}
  m_PrefabInternal: {fileID: 100100000}
  m_GameObject: {fileID: 1524468902091342}
  m_LocalRotation: {x: -0, y: -0, z: -0, w: 1}
  m_LocalPosition: {x: 3.95, y: 1.55, z: 0.11768061}
  m_LocalScale: {x: 1, y: 1, z: 1}
  m_Children:
  - {fileID: 4295156886374758}
  - {fileID: 4788016431953504}
  - {fileID: 4874085046017922}
  m_Father: {fileID: 0}
  m_RootOrder: 0
  m_LocalEulerAnglesHint: {x: 0, y: 0, z: 0}
--- !u!50 &50994680267285476
Rigidbody2D:
  serializedVersion: 4
  m_ObjectHideFlags: 1
  m_PrefabParentObject: {fileID: 0}
  m_PrefabInternal: {fileID: 100100000}
  m_GameObject: {fileID: 1410919805514084}
  m_BodyType: 1
  m_Simulated: 1
  m_UseFullKinematicContacts: 0
  m_UseAutoMass: 0
  m_Mass: 1
  m_LinearDrag: 0
  m_AngularDrag: 0.05
  m_GravityScale: 1
  m_Material: {fileID: 0}
  m_Interpolate: 0
  m_SleepingMode: 1
  m_CollisionDetection: 0
  m_Constraints: 0
--- !u!60 &60681774968217170
PolygonCollider2D:
  m_ObjectHideFlags: 1
  m_PrefabParentObject: {fileID: 0}
  m_PrefabInternal: {fileID: 100100000}
  m_GameObject: {fileID: 1410919805514084}
  m_Enabled: 1
  m_Density: 1
  m_Material: {fileID: 0}
  m_IsTrigger: 1
  m_UsedByEffector: 0
  m_UsedByComposite: 0
  m_Offset: {x: 0, y: 0}
  m_SpriteTilingProperty:
    border: {x: 0, y: 0, z: 0, w: 0}
    pivot: {x: 0.5, y: 0.5}
    oldSize: {x: 2.56, y: 2.56}
    newSize: {x: 1.28, y: 1.28}
    adaptiveTilingThreshold: 0.5
    drawMode: 0
    adaptiveTiling: 0
  m_AutoTiling: 0
  m_Points:
    m_Paths:
    - - {x: 0.40284228, y: -0.86192954}
      - {x: 0.60807014, y: -1.2571577}
      - {x: 0.6067009, y: -1.28}
      - {x: 0.8264146, y: -0.8562504}
      - {x: 0.9814496, y: -0.86020786}
      - {x: 0.97228074, y: -0.7194182}
      - {x: 1.2723857, y: -0.56670123}
      - {x: 0.99187183, y: -0.4171747}
      - {x: 0.9935, y: -0.15408337}
      - {x: 1.2647718, y: -0.013298631}
      - {x: 0.99101686, y: 0.14431548}
      - {x: 0.9830501, y: 0.44578826}
      - {x: 1.2723861, y: 0.581017}
      - {x: 0.99167, y: 0.7374444}
      - {x: 0.9847717, y: 1.144772}
      - {x: 0.97999996, y: 1.18}
      - {x: 0.733454, y: 1.1565986}
      - {x: 0.6505599, y: 1.2952282}
      - {x: 0.55699444, y: 1.169074}
      - {x: 0.085728884, y: 1.1784697}
      - {x: -0.0067613125, y: 1.2697299}
      - {x: -0.1235373, y: 1.1526437}
      - {x: -0.548646, y: 1.1767247}
      - {x: -0.639663, y: 1.2810698}
      - {x: -0.7381742, y: 1.1734025}
      - {x: -0.9467015, y: 1.171473}
      - {x: -0.9586146, y: 0.78465223}
      - {x: -1.2952285, y: 0.60101676}
      - {x: -0.96961594, y: 0.44335735}
      - {x: -0.97999, y: 0.1965667}
      - {x: -1.2685661, y: 0.019212961}
      - {x: -0.9661102, y: -0.1574359}
      - {x: -0.95580125, y: -0.3802237}
      - {x: -1.2723861, y: -0.5510168}
      - {x: -0.9619398, y: -0.7461498}
      - {x: -0.9486306, y: -0.8586307}
      - {x: -0.8304317, y: -0.86962295}
      - {x: -0.65999997, y: -1.28}
      - {x: -0.61761427, y: -1.2647717}
      - {x: -0.39999998, y: -0.89}
      - {x: -0.22609138, y: -0.8683788}
      - {x: -0.04, y: -1.28}
      - {x: 0.18512416, y: -0.86122453}
--- !u!114 &114457748171392068
MonoBehaviour:
  m_ObjectHideFlags: 1
  m_PrefabParentObject: {fileID: 0}
  m_PrefabInternal: {fileID: 100100000}
  m_GameObject: {fileID: 1410919805514084}
  m_Enabled: 1
  m_EditorHideFlags: 0
  m_Script: {fileID: 11500000, guid: 8792373789f0eaa469e2b6ff6c47e92f, type: 3}
  m_Name: 
  m_EditorClassIdentifier: 
  damage: 1
--- !u!114 &114931186163161834
MonoBehaviour:
  m_ObjectHideFlags: 1
  m_PrefabParentObject: {fileID: 0}
  m_PrefabInternal: {fileID: 100100000}
  m_GameObject: {fileID: 1524468902091342}
  m_Enabled: 1
  m_EditorHideFlags: 0
  m_Script: {fileID: 11500000, guid: ed389232b8b49ea47bf3a31b5c87e71f, type: 3}
  m_Name: 
  m_EditorClassIdentifier: 
  objectToMove: {fileID: 4295156886374758}
  waypoints:
  - {fileID: 4788016431953504}
  - {fileID: 4874085046017922}
  startWayPointIndex: 0
  moveSpeed: 0.36
  waitAtWaypointTime: 0
  loop: 1
--- !u!212 &212100834044934554
SpriteRenderer:
  m_ObjectHideFlags: 1
  m_PrefabParentObject: {fileID: 0}
  m_PrefabInternal: {fileID: 100100000}
  m_GameObject: {fileID: 1410919805514084}
  m_Enabled: 1
  m_CastShadows: 0
  m_ReceiveShadows: 0
  m_DynamicOccludee: 1
  m_MotionVectors: 1
  m_LightProbeUsage: 1
  m_ReflectionProbeUsage: 1
  m_Materials:
  - {fileID: 10754, guid: 0000000000000000f000000000000000, type: 0}
  m_StaticBatchInfo:
    firstSubMesh: 0
    subMeshCount: 0
  m_StaticBatchRoot: {fileID: 0}
  m_ProbeAnchor: {fileID: 0}
  m_LightProbeVolumeOverride: {fileID: 0}
  m_ScaleInLightmap: 1
  m_PreserveUVs: 0
  m_IgnoreNormalsForChartDetection: 0
  m_ImportantGI: 0
  m_StitchLightmapSeams: 0
  m_SelectedEditorRenderState: 0
  m_MinimumChartSize: 4
  m_AutoUVMaxDistance: 0.5
  m_AutoUVMaxAngle: 89
  m_LightmapParameters: {fileID: 0}
  m_SortingLayerID: 0
  m_SortingLayer: 0
  m_SortingOrder: 0
  m_Sprite: {fileID: 21300000, guid: 42f790e927ea2d64a97d9e0b21bf7303, type: 3}
  m_Color: {r: 1, g: 1, b: 1, a: 1}
  m_FlipX: 0
  m_FlipY: 0
  m_DrawMode: 0
  m_Size: {x: 1.28, y: 1.28}
  m_AdaptiveModeThreshold: 0.5
  m_SpriteTileMode: 0
  m_WasSpriteAssigned: 1
  m_MaskInteraction: 0
